@misc{sander2024_equivalencechecking,
  title               = {Equivalence Checking of Quantum Circuits via Intermediary Matrix Product Operator},
  author              = {Aaron Sander and Lukas Burgholzer and Robert Wille},
  year                = {2024},
  url                 = {https://arxiv.org/abs/2410.10946},
  eprint              = {2410.10946},
  archiveprefix       = {arXiv},
  primaryclass        = {quant-ph},
}

@misc{sander2025_TJM,
  title               = {Large-scale stochastic simulation of open quantum systems},
  author              = {Aaron Sander and Maximilian Fr\"{o}hlich and Martin Eigel and Jens Eisert and Patrick Gel\ss{} and Michael Hinterm\"{u}ller and Richard M. Milbradt and Robert Wille and Christian B. Mendl},
  year                = {2025},
  url                 = {https://arxiv.org/abs/2501.17913},
  eprint              = {2501.17913},
  archiveprefix       = {arXiv},
  primaryclass        = {quant-ph},
}
