
@book{jibson2014,
	title = {SLAMMER{\textemdash}Seismic LAndslide Movement Modeled using Earthquake Records},
	author = {Jibson, Randall and Rathje, Ellen and Jibson, Matthew and Lee, Y. W.},
	year = {2014},
	month = {11},
	date = {2014-11},
	series = {U.S. Geological Survey Techniques and Methods, book 12, chap. B1}
}

@book{jibson2013,
	title = {SLAMMER{\textemdash}Seismic LAndslide Movement Modeled using Earthquake Records},
	author = {Jibson, Randall and Rathje, Ellen and Jibson, Matthew and Lee, Y. W.},
	year = {2013},
	date = {2013},
	series = {U.S. Geological Survey Techniques and Methods, book 12, chap. B1}
}

@article{newmark1965,
	title = {Effects of Earthquakes on Dams and Embankments},
	author = {Newmark, N. M.},
	year = {1965},
	date = {1965},
	journal = {Geotechnique},
	pages = {139--160},
	volume = {15},
	number = {2}
}

@article{rathje2017,
	title = {DesignSafe: New Cyberinfrastructure for Natural Hazards Engineering},
	author = {Rathje, Ellen M. and Dawson, Clint and Padgett, Jamie E. and Pinelli, Jean-Paul and Stanzione, Dan and Adair, Ashley and Arduino, Pedro and Brandenberg, Scott J. and Cockerill, Tim and Dey, Charlie and Esteva, Maria and Haan, Fred L. and Hanlon, Matthew and Kareem, Ahsan and Lowes, Laura and Mock, Stephen and Mosqueda, Gilberto},
	year = {2017},
	month = {08},
	date = {2017-08},
	journal = {Natural Hazards Review},
	pages = {06017001},
	volume = {18},
	number = {3},
	doi = {10.1061/(ASCE)NH.1527-6996.0000246},
	url = {https://ascelibrary.org/doi/10.1061/%28ASCE%29NH.1527-6996.0000246},
	langid = {en}
}

@article{jibson1993,
	title = {Analysis of the seismic origin of landslides: Examples from the New Madrid seismic zone},
	author = {Jibson, Randall W. and Keefer, David K.},
	year = {1993},
	month = {04},
	date = {1993-04},
	journal = {Geological Society of America Bulletin},
	pages = {521--536},
	volume = {105},
	number = {4},
	doi = {10.1130/0016-7606(1993)105<0521:AOTSOO>2.3.CO;2},
	url = {https://pubs.geoscienceworld.org/gsabulletin/article/105/4/521-536/182799},
	langid = {en}
}

@article{makdisi1978,
	title = {Simplified Procedure for Estimating Dam and Embankment Earthquake-Induced Deformations},
	author = {Makdisi, Faiz I. and Seed, H. Bolton},
	year = {1978},
	month = {07},
	date = {1978-07},
	journal = {Journal of the Geotechnical Engineering Division},
	pages = {849--867},
	volume = {104},
	number = {7},
	doi = {10.1061/AJGEB6.0000668},
	url = {http://ascelibrary.org/doi/10.1061/AJGEB6.0000668},
	langid = {en}
}

@article{chopra1991,
	title = {Earthquake{-}Induced Base Sliding of Concrete Gravity Dams},
	author = {Chopra, Anil K. and Zhang, Liping},
	year = {1991},
	month = {12},
	date = {1991-12},
	journal = {Journal of Structural Engineering},
	pages = {3698--3719},
	volume = {117},
	number = {12},
	doi = {10.1061/(ASCE)0733-9445(1991)117:12(3698)},
	url = {https://ascelibrary.org/doi/10.1061/%28ASCE%290733-9445%281991%29117%3A12%283698%29},
	langid = {en}
}

@article{rathje1999,
	title = {An examination of simplified earthquake-induced displacement procedures for earth structures},
	author = {Rathje, E. M. and Bray, J. D.},
	year = {1999},
	month = {02},
	date = {1999-02},
	journal = {Canadian Geotechnical Journal},
	pages = {72--87},
	volume = {36},
	number = {1},
	doi = {10.1139/cgj-36-1-72},
	url = {https://gateway.webofknowledge.com/gateway/Gateway.cgi?GWVersion=2&SrcAuth=DOISource&SrcApp=WOS&KeyAID=10.1139%2Fcgj-36-1-72&DestApp=DOI&SrcAppSID=USW2EC0E6CdptTVstpkZ5xCLnnPdT&SrcJTitle=CANADIAN+GEOTECHNICAL+JOURNAL&DestDOIRegistrantName=Canadian+Science+Publishing},
	note = {Place: Ottawa
Publisher: Natl Research Council Canada
WOS:000082489000006},
	langid = {English}
}

@article{conte1989,
	title = {An Analytical Solution for Newmark{\textquoteright}s Sliding Block},
	author = {Conte, Enrico and Dente, Giovanni},
	year = {1989},
	month = {09},
	date = {1989-09-01},
	journal = {Soils and Foundations},
	pages = {152--156},
	volume = {29},
	number = {3},
	doi = {10.3208/sandf1972.29.3_152},
	url = {https://www.sciencedirect.com/science/article/pii/S0038080620319466},
	langid = {en}
}

@article{newmark1965,
	title = {Effects of Earthquakes on Dams and Embankments},
	author = {Newmark, N. M.},
	year = {1965},
	date = {1965},
	journal = {Geotechnique},
	pages = {139--160},
	volume = {15},
	number = {2}
}

@inproceedings{marcuson1994,
	title = {A Symposium in Honor of Robert V. Whitman},
	author = {Marcuson, W.},
	year = {1994},
	date = {1994}
}

@article{seed1966,
	title = {The Seismic Coefficient in Earth Dam Design},
	author = {Seed, H. Bolton and Martin, Geoffrey R.},
	year = {1966},
	month = {05},
	date = {1966-05-01},
	journal = {Journal of the Soil Mechanics and Foundations Division},
	pages = {25--58},
	volume = {92},
	number = {3},
	doi = {10.1061/JSFEAQ.0000871},
	url = {https://ascelibrary.org/doi/10.1061/JSFEAQ.0000871},
	note = {Publisher: American Society of Civil Engineers},
	langid = {EN}
}

@phdthesis{lee2004,
	title = {Equivalent-Linear Dynamic Sliding Response Analysis of Geotechnical Earth Structures},
	author = {Lee, Yong Woo},
	year = {2004},
	date = {2004}
}
